<record><leader>00000cas a22000007a 4500</leader><controlfield tag="001">14783444</controlfield><controlfield tag="008">861120d19641964wiuwr ne      0    0eng d</controlfield><datafield ind1=" " ind2=" " tag="010"><subfield code="a">sn 86086797 </subfield></datafield><datafield ind1=" " ind2=" " tag="040"><subfield code="a">NPV</subfield><subfield code="b">eng</subfield><subfield code="c">NPV</subfield><subfield code="d">OCLCQ</subfield></datafield><datafield ind1=" " ind2=" " tag="042"><subfield code="a">msc</subfield></datafield><datafield ind1="0" ind2="4" tag="245"><subfield code="a">The Hub of Hales Corners &amp; Muskego.</subfield></datafield><datafield ind1="3" ind2="0" tag="246"><subfield code="a">Hub of Hales Corners and Muskego</subfield></datafield><datafield ind1="3" ind2="0" tag="246"><subfield code="a">Hub</subfield></datafield><datafield ind1=" " ind2=" " tag="260"><subfield code="a">Hales Corners, Wis. :</subfield><subfield code="b">[s.n.],</subfield><subfield code="c">1964-1964.</subfield></datafield><datafield ind1=" " ind2=" " tag="300"><subfield code="a">v.</subfield></datafield><datafield ind1=" " ind2=" " tag="310"><subfield code="a">Weekly</subfield></datafield><datafield ind1="0" ind2=" " tag="362"><subfield code="a">No. 86 (Apr. 9, 1964)-no. 123 (Dec. 24, 1964).</subfield></datafield><datafield ind1=" " ind2=" " tag="500"><subfield code="a">"Including news of the city of Franklin and vicinity."</subfield></datafield><datafield ind1=" " ind2=" " tag="500"><subfield code="a">Added masthead: Franklin Times, Nov. 12, 1964-Dec. 24, 1964.</subfield></datafield><datafield ind1=" " ind2=" " tag="752"><subfield code="a">United States</subfield><subfield code="b">Wisconsin</subfield><subfield code="c">Milwaukee</subfield><subfield code="d">Hales Corners.</subfield></datafield><datafield ind1=" " ind2=" " tag="752"><subfield code="a">United States</subfield><subfield code="b">Wisconsin</subfield><subfield code="c">Milwaukee</subfield><subfield code="d">Franklin.</subfield></datafield><datafield ind1=" " ind2=" " tag="752"><subfield code="a">United States</subfield><subfield code="b">Wisconsin</subfield><subfield code="c">Waukesha</subfield><subfield code="d">Muskego.</subfield></datafield><datafield ind1="0" ind2="0" tag="780"><subfield code="t">Hub of Hales Corners, Muskego &amp; Franklin</subfield><subfield code="w">(DLC)sn 86086796</subfield></datafield><datafield ind1="0" ind2="0" tag="785"><subfield code="t">Hub (Hales Corners, Wis. : 1965)</subfield><subfield code="w">(DLC)sn 86086798</subfield></datafield></record>